@article{Deb2002NSGA2,
  author    = {Kalyanmoy Deb and Amrit Pratap and Sameer Agarwal and T. Meyarivan},
  title     = {A Fast and Elitist Multiobjective Genetic Algorithm: NSGA-II},
  journal   = {IEEE Transactions on Evolutionary Computation},
  year      = {2002},
  volume    = {6},
  number    = {2},
  pages     = {182--197},
  doi       = {10.1109/4235.996017},
  url       = {https://doi.org/10.1109/4235.996017}
}

@book{BenTal2009RobustOptimization,
  author    = {Aharon Ben-Tal and Laurent El Ghaoui and Arkadi Nemirovski},
  title     = {Robust Optimization},
  year      = {2009},
  publisher = {Princeton University Press},
  address   = {Princeton, NJ},
  doi       = {10.1515/9781400831050},
  url       = {https://doi.org/10.1515/9781400831050}
}

@book{BirgeLouveaux2011StochasticProgramming,
  author    = {John R. Birge and Fran{\c{c}}ois Louveaux},
  title     = {Introduction to Stochastic Programming},
  edition   = {2},
  year      = {2011},
  publisher = {Springer},
  address   = {New York, NY},
  doi       = {10.1007/978-1-4614-0237-4},
  url       = {https://doi.org/10.1007/978-1-4614-0237-4}
}

@article{Brochu2010BayesianOptimizationTutorial,
  author    = {Eric Brochu and Vlad M. Cora and Nando de Freitas},
  title     = {A Tutorial on Bayesian Optimization of Expensive Cost Functions, with Application to Active User Modeling and Hierarchical Reinforcement Learning},
  journal   = {arXiv preprint arXiv:1012.2599},
  year      = {2010},
  url       = {https://arxiv.org/abs/1012.2599}
}

@inproceedings{Nethercote2007MiniZinc,
  author    = {Nicholas Nethercote and Peter J. Stuckey and Ralph Becket and Sebastian Brand and Gregory J. Duck and Guido Tack},
  title     = {MiniZinc: Towards a Standard CP Modelling Language},
  booktitle = {Principles and Practice of Constraint Programming (CP 2007)},
  series    = {Lecture Notes in Computer Science},
  volume    = {4741},
  pages     = {529--543},
  year      = {2007},
  publisher = {Springer},
  doi       = {10.1007/978-3-540-74970-7_38},
  url       = {https://doi.org/10.1007/978-3-540-74970-7_38}
}

@inproceedings{Perron2023CPSATLP,
  author    = {Laurent Perron},
  title     = {The CP-SAT-LP Solver},
  booktitle = {Proceedings of CP 2023},
  year      = {2023},
  series    = {Leibniz International Proceedings in Informatics (LIPIcs)},
  volume    = {280},
  pages     = {3:1--3:4},
  doi       = {10.4230/LIPIcs.CP.2023.3},
  url       = {https://doi.org/10.4230/LIPIcs.CP.2023.3}
}

@article{DaCol2022IndustrialJSSP,
  author    = {Riccardo Da Col and Tommaso Stefani and Andrea Zanin and Simone Zanotto},
  title     = {A general solution approach for industrial-size job shop problems},
  journal   = {Operations Research Perspectives},
  volume    = {9},
  pages     = {100249},
  year      = {2022},
  issn      = {2214-7160},
  doi       = {10.1016/j.orp.2022.100249},
  url       = {https://doi.org/10.1016/j.orp.2022.100249}
}

@article{Chen2013TFTLCDAPS,
  author    = {James C. Chen and PoTsang B. Huang and Ji-Geng Wu and Ken Y. Lai and Chih-Cheng Chen and Tzu-Wei Peng},
  title     = {Advanced planning and scheduling for TFT-LCD color filter fab with multiple lines},
  journal   = {The International Journal of Advanced Manufacturing Technology},
  volume    = {67},
  number    = {1},
  pages     = {101--110},
  year      = {2013},
  doi       = {10.1007/s00170-013-4757-8},
  url       = {https://doi.org/10.1007/s00170-013-4757-8}
}

@misc{GoogleORToolsCP,
  author    = {Laurent Perron and Vincent Furnon and Google OR-Tools Contributors},
  title     = {OR-Tools: Constraint Optimization and CP-SAT Solver},
  howpublished = {\url{https://developers.google.com/optimization/cp}},
  note      = {Accessed 2025-08-21},
  year      = {2025}
}

@book{Deb2001MultiObjectiveOptimization,
  author    = {Kalyanmoy Deb},
  title     = {Multi-Objective Optimization using Evolutionary Algorithms},
  year      = {2001},
  publisher = {John Wiley \& Sons},
  address   = {Chichester, UK},
  isbn      = {9780471873396}
}

@article{Hooker2007LogicBasedBenders,
  author    = {John N. Hooker},
  title     = {Planning and scheduling to minimize tardiness in a job shop},
  journal   = {Journal of Scheduling},
  year      = {2007},
  volume    = {10},
  number    = {5},
  pages     = {389--415},
  doi       = {10.1007/s10951-007-0035-1}
}

@misc{MiniZincHandbook,
  author    = {{MiniZinc Team}},
  title     = {The MiniZinc Handbook},
  howpublished = {\url{https://docs.minizinc.dev/}},
  note      = {Version 2.9.3, Accessed 2025-08-21},
  year      = {2025}
}