% Encoding: windows-1252


@Article{adams,
  Title                    = {The Shifting Bottleneck Procedure for Job Shop Scheduling},
  Author                   = {Joseph Adams and Egon Balas and Daniel Zawack},
  Journal                  = {Management Science},
  Year                     = {1988},
  Number                   = {3},
  Pages                    = {391-401},
  Volume                   = {34},

  ISSN                     = {00251909, 15265501},
  Publisher                = {INFORMS}
}

@article{balas95,
  title={The one-machine problem with delayed precedence constraints and its use in job shop scheduling},
  author={Balas, Egon and Lenstra, Jan Karel and Vazacopoulos, Alkis},
  journal={Management Science},
  volume={41},
  number={1},
  pages={94--109},
  year={1995},
  publisher={INFORMS}
}

@InProceedings{vazquez,
  author       = {Vazquez, Manuel and Whitley, L Darrell},
  title        = {A comparison of genetic algorithms for the dynamic job shop scheduling problem},
  booktitle    = {2nd Annual Conference on Genetic and Evolutionary Computation},
  year         = {2000},
  pages        = {1011--1018},
  organization = {Morgan Kaufmann Publishers Inc.},
}

@incollection{van2006global,
  title={Global constraints},
  author={van Hoeve, Willem-Jan and Katriel, Irit},
  booktitle={Foundations of Artificial Intelligence},
  volume={2},
  pages={169--208},
  year={2006},
  publisher={Elsevier}
}


@book{baral2003,
  title={Knowledge representation, reasoning and declarative problem solving},
  author={Baral, Chitta},
  year={2003},
  publisher={Cambridge university press}
}

@article{falkner2017,
  title={Twenty-five years of successful application of constraint technologies at Siemens},
  author={Falkner, Andreas and Friedrich, Gerhard and Haselb{\"o}ck, Alois and Schenner, Gottfried and Schreiner, Herwig},
  journal={AI Magazine},
  volume={37},
  number={4},
  pages={67--80},
  year={2016}
}

@article{falkner2018,
  title={Industrial applications of answer set programming},
  author={Falkner, Andreas and Friedrich, Gerhard and Schekotihin, Konstantin and Taupe, Richard and Teppan, Erich C},
  journal={KI-K{\"u}nstliche Intelligenz},
  volume={32},
  number={2-3},
  pages={165--176},
  year={2018},
  publisher={Springer}
}


@article{mnih2013,
  title={Playing atari with deep reinforcement learning},
  author={Mnih, Volodymyr and Kavukcuoglu, Koray and Silver, David and Graves, Alex and Antonoglou, Ioannis and Wierstra, Daan and Riedmiller, Martin},
  journal={arXiv preprint arXiv:1312.5602},
  year={2013}
}


@inproceedings{gelfond1988,
  title={The stable model semantics for logic programming.},
  author={Gelfond, Michael and Lifschitz, Vladimir},
  booktitle={ICLP/SLP},
  volume={88},
  pages={1070--1080},
  year={1988}
}


@Book{lawrence,
  Title                    = {Resource constrained project scheduling: an experimental investigation of heuristic scheduling techniques (Supplement)},
  Author                   = {S. Lawrence},
  Publisher                = {Graduate School of Industrial Administration, Carnegie-Mellon University},
  Year                     = {1984}
}

@article{taillard,
title = "Benchmarks for basic scheduling problems",
journal = "European Journal of Operational Research",
volume = "64",
number = "2",
pages = "278 - 285",
year = "1993",
note = "",
issn = "0377-2217",
doi = "http://dx.doi.org/10.1016/0377-2217(93)90182-M",
author = "E. Taillard",
keywords = "Combinatorial optimization",
keywords = "Scheduling",
keywords = "Benchmarks"
}

@article{demirkol,
title = "Benchmarks for shop scheduling problems",
journal = "European Journal of Operational Research",
volume = "109",
number = "1",
pages = "137 - 141",
year = "1998",
note = "",
issn = "0377-2217",
doi = "http://dx.doi.org/10.1016/S0377-2217(97)00019-2",
author = "Ebru Demirkol and Sanjay Mehta and Reha Uzsoy",
keywords = "Combinatorial optimization",
keywords = "Scheduling",
keywords = "Benchmarks"
}
@inproceedings{balduccini2011industrial,
  title={Industrial-size scheduling with ASP+ CP},
  author={Balduccini, Marcello},
  booktitle={International conference on logic programming and nonmonotonic reasoning},
  pages={284--296},
  year={2011},
  organization={Springer}
}

@misc{aron2011,
  title={How innovative is Apple's new voice assistant, Siri?},
  author={Aron, Jacob},
  year={2011},
  publisher={Elsevier}
}

@inproceedings{tulshan2018,
  title={Survey on Virtual Assistant: Google Assistant, Siri, Cortana, Alexa},
  author={Tulshan, Amrita S and Dhage, Sudhir Namdeorao},
  booktitle={International Symposium on Signal Processing and Intelligent Recognition Systems},
  pages={190--201},
  year={2018},
  organization={Springer}
}


@article{badue2020,
  title={Self-driving cars: A survey},
  author={Badue, Claudine and Guidolini, R{\^a}nik and Carneiro, Raphael Vivacqua and Azevedo, Pedro and Cardoso, Vinicius Brito and Forechi, Avelino and Jesus, Luan and Berriel, Rodrigo and Paix{\~a}o, Thiago Meireles and Mutz, Filipe and others},
  journal={Expert Systems with Applications},
  pages={113816},
  year={2020},
  publisher={Elsevier}
}


@book{arora2009,
  title={Computational complexity: a modern approach},
  author={Arora, Sanjeev and Barak, Boaz},
  year={2009},
  publisher={Cambridge University Press}
}


@article{malcolm1959,
  title={Application of a technique for research and development program evaluation},
  author={Malcolm, Donald G and Roseboom, John H and Clark, Charles E and Fazar, Willard},
  journal={Operations research},
  volume={7},
  number={5},
  pages={646--669},
  year={1959},
  publisher={INFORMS}
}

@article{blazewicz1996job,
  title={The job shop scheduling problem: Conventional and new solution techniques},
  author={B{\l}a{\.z}ewicz, Jacek and Domschke, Wolfgang and Pesch, Erwin},
  journal={European journal of operational research},
  volume={93},
  number={1},
  pages={1--33},
  year={1996},
  publisher={Elsevier}
}

@article{silver2018,
  title={A general reinforcement learning algorithm that masters chess, shogi, and Go through self-play},
  author={Silver, David and Hubert, Thomas and Schrittwieser, Julian and Antonoglou, Ioannis and Lai, Matthew and Guez, Arthur and Lanctot, Marc and Sifre, Laurent and Kumaran, Dharshan and Graepel, Thore and others},
  journal={Science},
  volume={362},
  number={6419},
  pages={1140--1144},
  year={2018},
  publisher={American Association for the Advancement of Science}
}


@inproceedings{krizhevsky2012,
  title={Imagenet classification with deep convolutional neural networks},
  author={Krizhevsky, Alex and Sutskever, Ilya and Hinton, Geoffrey E},
  booktitle={Advances in neural information processing systems},
  pages={1097--1105},
  year={2012}
}


@article{zhai2014,
  title={A decomposition heuristics based on multi-bottleneck machines for large-scale job shop scheduling problems},
  author={Zhai, Yingni and Liu, Changjun and Chu, Wei and Guo, Ruifeng and Liu, Cunliang},
  journal={Journal of Industrial Engineering and Management (JIEM)},
  volume={7},
  number={5},
  pages={1397--1414},
  year={2014},
  publisher={Barcelona: OmniaScience}
}

@inproceedings{dal2016,
  title={Logic Programming Applied to Genome Evolution in Cancer.},
  author={Dal Pal{\`u}, Alessandro and Dovier, Agostino and Formisano, Andrea and Policriti, Alberto and Pontelli, Enrico},
  booktitle={CILC},
  pages={148--157},
  year={2016}
}

@article{dal2014,
  title={Exploring life through logic programming: answer set programming in bioinformatics},
  author={Dal Pal{\`u}, A and Dovier, A and Formisano, A and Pontelli, E},
  journal={Declarative Logic Programming: Theory, Systems, and Applications. Springer, To appear, available as TR-CS-NMSU-2014-10-24 New Mexico State University},
  year={2014}
}


@article{french1982,
  title={Sequencing and Scheduling: An Introduction to the Mathematics of the Job-shop, 1982},
  author={French, Simon},
  journal={John Wiley\& Sons, New York}
}

@article{ku2016,
  title={Mixed integer programming models for job shop scheduling: A computational analysis},
  author={Ku, Wen-Yang and Beck, J Christopher},
  journal={Computers \& Operations Research},
  volume={73},
  pages={165--173},
  year={2016},
  publisher={Elsevier}
}


@book{baker2013,
  title={Principles of sequencing and scheduling},
  author={Baker, Kenneth R and Trietsch, Dan},
  year={2013},
  publisher={John Wiley \& Sons}
}


@article{lasi2014,
  title={Industry 4.0},
  author={Lasi, Heiner and Fettke, Peter and Kemper, Hans-Georg and Feld, Thomas and Hoffmann, Michael},
  journal={Business \& information systems engineering},
  volume={6},
  number={4},
  pages={239--242},
  year={2014},
  publisher={Springer}
}


@article{mendels1972,
  title={Proto-industrialization: the first phase of the industrialization process},
  author={Mendels, Franklin F},
  journal={The journal of economic history},
  volume={32},
  number={1},
  pages={241--261},
  year={1972},
  publisher={Cambridge University Press}
}

@article{wilson2014,
  title={Henry Ford vs. assembly line balancing},
  author={Wilson, James M},
  journal={International Journal of Production Research},
  volume={52},
  number={3},
  pages={757--765},
  year={2014},
  publisher={Taylor \& Francis}
}


@book{smith1776,
  title={The Wealth of Nations: An inquiry into the nature and causes of the Wealth of Nations},
  author={Smith, Adam},
  year={2010},
  publisher={Harriman House Limited}
}


@inproceedings{kelley1959,
author = {Kelley, James E. and Walker, Morgan R.},
title = {Critical-Path Planning and Scheduling},
year = {1959},
isbn = {9781450378680},
publisher = {Association for Computing Machinery},
address = {New York, NY, USA},
doi = {10.1145/1460299.1460318},
booktitle = {Papers Presented at the December 1-3, 1959, Eastern Joint IRE-AIEE-ACM Computer Conference},
pages = {160â€“173},
numpages = {14},
series = {IRE-AIEE-ACM '59 (Eastern)}
}

  
@book{clark1922,
  title={The Gantt chart: A working tool of management},
  author={Clark, Wallace},
  year={1922},
  publisher={Ronald Press Company}
}

@article{liu2000,
  title={Scheduling flexible flow shops with sequence-dependent setup effects},
  author={Liu, Chung-Yang and Chang, Shi-Chung},
  journal={IEEE Transactions on Robotics and Automation},
  volume={16},
  number={4},
  pages={408--419},
  year={2000},
  publisher={IEEE}
}

@inproceedings{chen1999,
  title={A genetic algorithm for flexible job-shop scheduling},
  author={Chen, Haoxun and Ihlow, J{\"u}rgen and Lehmann, Carsten},
  booktitle={Proceedings 1999 IEEE International Conference on Robotics and Automation (Cat. No. 99CH36288C)},
  volume={2},
  pages={1120--1125},
  year={1999},
  organization={IEEE}
}

@article{wang2005,
  title={Flexible flow shop scheduling: optimum, heuristics and artificial intelligence solutions},
  author={Wang, Hong},
  journal={Expert Systems},
  volume={22},
  number={2},
  pages={78--85},
  year={2005},
  publisher={Wiley Online Library}
}

@article{gonzalez1976,
  title={Open shop scheduling to minimize finish time},
  author={Gonzalez, Teofilo and Sahni, Sartaj},
  journal={Journal of the ACM (JACM)},
  volume={23},
  number={4},
  pages={665--679},
  year={1976},
  publisher={ACM New York, NY, USA}
}

@article{lee1997,
  title={Scheduling jobs on parallel machines with sequence-dependent setup times},
  author={Lee, Young Hoon and Pinedo, Michael},
  journal={European Journal of Operational Research},
  volume={100},
  number={3},
  pages={464--474},
  year={1997},
  publisher={Elsevier}
}

@article{kim1994,
  title={Impact of sequence-dependent setup time on job shop scheduling performance},
  author={Kim, SC and Bobrowski, PM},
  journal={The International Journal of Production Research},
  volume={32},
  number={7},
  pages={1503--1520},
  year={1994},
  publisher={Taylor \& Francis}
}


@article{petersen1991,
  title={The evolution of the Gantt chart and its relevance today},
  author={Petersen, Peter B},
  journal={Journal of Managerial Issues},
  pages={131--155},
  year={1991},
  publisher={JSTOR}
}


@article{hyatt2006,
  title={A brief history of scheduling},
  author={Hyatt, Canberra and Weaver, Patrick},
  journal={Melbourne, Australia: Mosaic Project Services Pty Ltd},
  year={2006}
}

@InProceedings{fox1982job,
  author    = {Fox, Mark S and Allen, Bradley P and Strohm, Gary},
  title     = {Job-Shop Scheduling: An Investigation in Constraint-Directed Reasoning.},
  booktitle = {AAAI},
  year      = {1982},
  pages     = {155--158},
}

@inproceedings{fox1989constrained,
  title={Constrained heuristic search},
  author={Fox, Mark S and Sadeh, Norman and Baykan, Can},
  booktitle={Proceedings of the Eleventh International Joint Conference on Artificial Intelligence},
  pages={309--315},
  year={1989}
}

@inproceedings{fox1989,
  title={Constrained heuristic search},
  author={Fox, Mark S and Sadeh, Norman and Baykan, Can},
  booktitle={Proceedings of the Eleventh International Joint Conference on Artificial Intelligence},
  pages={309--315},
  year={1989}
}

@article{sycara1991,
  title={Distributed constrained heuristic search},
  author={Sycara, Katia and Roth, Steven F and Sadeh, Norman and Fox, Mark S},
  journal={IEEE Transactions on systems, man, and cybernetics},
  volume={21},
  number={6},
  pages={1446--1461},
  year={1991},
  publisher={IEEE}
}


@Article{Sadeh96variableand,
  author  = {Norman M. Sadeh and Mark S. Fox},
  title   = {Variable and value ordering heuristics for the job shop scheduling constraint satisfaction problem},
  journal = {Artificial Intelligence},
  year    = {1996},
  volume  = {86},
  pages   = {1--41},
}

@article{roy1964problemes,
  title={Les problemes dâ€™ordonnancement avec contraintes disjonctives},
  author={Roy, Bernard and Sussmann, B},
  journal={Note ds},
  volume={9},
  year={1964},
  publisher={SEMA Montrouge}
}

@article{brewka2011answer,
  title={Answer set programming at a glance},
  author={Brewka, Gerhard and Eiter, Thomas and Truszczy{\'n}ski, Miros{\l}aw},
  journal={Communications of the ACM},
  volume={54},
  number={12},
  pages={92--103},
  year={2011},
  publisher={ACM New York, NY, USA}
}
@inproceedings{dacol2019cp,
  title={Industrial size job shop scheduling tackled by present day cp solvers},
  author={Da Col, Giacomo and Teppan, Erich C},
  booktitle={International Conference on Principles and Practice of Constraint Programming},
  pages={144--160},
  year={2019},
  organization={Springer}
}
@article{dacol2019iclp,
  title={Google vs IBM: A Constraint Solving Challenge on the Job-Shop Scheduling Problem},
  author={Da Col, Giacomo and Teppan, Erich},
  journal={arXiv preprint arXiv:1909.08247},
  year={2019}
}

@Inbook{Teppan2020,
author="Teppan, Erich C.
and Da Col, Giacomo",
title="Genetic Algorithms for Creating Large Job Shop Dispatching Rules",
bookTitle="Advances in Integrations of Intelligent Methods: Post-workshop volume of the 8th International Workshop CIMA 2018, Volos, Greece, November 2018 (in conjunction with IEEE ICTAI 2018)",
year="2020",
publisher="Springer Singapore",
address="Singapore",
pages="121--140",isbn="978-981-15-1918-5",
doi="10.1007/978-981-15-1918-5_7",
}



@inproceedings{leone2015answer,
  title={Answer set programming: A tour from the basics to advanced development tools and industrial applications},
  author={Leone, Nicola and Ricca, Francesco},
  booktitle={Reasoning web international summer school},
  pages={308--326},
  year={2015},
  organization={Springer}
}


@article{laborie2018ibm,
  title={IBM ILOG CP optimizer for scheduling},
  author={Laborie, Philippe and Rogerie, J{\'e}r{\^o}me and Shaw, Paul and Vil{\'\i}m, Petr},
  journal={Constraints},
  volume={23},
  number={2},
  pages={210--250},
  year={2018},
  publisher={Springer}
}

@article{laborie2007self,
  title={Self-adapting large neighborhood search: Application to single-mode scheduling problems},
  author={Laborie, Philippe and Godard, Daniel},
  journal={Proceedings MISTA-07, Paris},
  volume={8},
  year={2007}
}
@article{mack2011fifty,
  title={Fifty years of Moore's law},
  author={Mack, Chris A},
  journal={IEEE Transactions on semiconductor manufacturing},
  volume={24},
  number={2},
  pages={202--207},
  year={2011},
  publisher={IEEE}
}


@article{laborie2016temporal,
  title={Temporal linear relaxation in IBM ILOG CP Optimizer},
  author={Laborie, Philippe and Rogerie, J{\'e}r{\^o}me},
  journal={Journal of Scheduling},
  volume={19},
  number={4},
  pages={391--400},
  year={2016},
  publisher={Springer}
}


@article{garey1976,
  title={The complexity of flowshop and jobshop scheduling},
  author={Garey, Michael R and Johnson, David S and Sethi, Ravi},
  journal={Mathematics of operations research},
  volume={1},
  number={2},
  pages={117--129},
  year={1976},
  publisher={INFORMS}
}

@inproceedings{teppan_ascass,
author = {Teppan, Erich C. and Friedrich, Gerhard},
title = {Heuristic Constraint Answer Set Programming},
year = {2016},
isbn = {9781614996712},
publisher = {IOS Press},
address = {NLD},
url = {https://doi.org/10.3233/978-1-61499-672-9-1692},
doi = {10.3233/978-1-61499-672-9-1692},
booktitle = {Proceedings of the Twenty-Second European Conference on Artificial Intelligence},
pages = {1692â€“1693},
numpages = {2},
location = {The Hague, The Netherlands},
series = {ECAIâ€™16}
}

  


@article{ca82,
  title={The one-machine sequencing problem},
  author={Carlier, Jacques},
  journal={European Journal of Operational Research},
  volume={11},
  number={1},
  pages={42--47},
  year={1982},
  publisher={Elsevier}
}

@article{panwalkar1977survey,
  title={A survey of scheduling rules},
  author={Panwalkar, Shrikant S and Iskander, Wafik},
  journal={Operations research},
  volume={25},
  number={1},
  pages={45--61},
  year={1977},
  publisher={INFORMS}
}


@article{ca89,
  title={An algorithm for solving the job-shop problem},
  author={Carlier, Jacques and Pinson, {\'E}ric},
  journal={Management science},
  volume={35},
  number={2},
  pages={164--176},
  year={1989},
  publisher={INFORMS}
}


@article{brucker1993new,
  title={A new lower bound for the job-shop scheduling problem},
  author={Brucker, Peter and Jurisch, Bernd},
  journal={European Journal of Operational Research},
  volume={64},
  number={2},
  pages={156--167},
  year={1993},
  publisher={Elsevier}
}

@inproceedings{yamada,
  title={A Genetic Algorithm Applicable to Large-Scale Job-Shop Problems.},
  author={Yamada, Takeshi and Nakano, Ryohei},
  booktitle={PPSN},
  pages={283--292},
  year={1992}
}


@article{amico,
  title={Applying tabu search to the job-shop scheduling problem},
  author={Dell'Amico, Mauro and Trubian, Marco},
  journal={Annals of Operations Research},
  volume={41},
  number={3},
  pages={231--252},
  year={1993},
  publisher={Springer}
}


@article{storer,
  title={New search spaces for sequencing problems with application to job shop scheduling},
  author={Storer, Robert H and Wu, S David and Vaccari, Renzo},
  journal={Management science},
  volume={38},
  number={10},
  pages={1495--1509},
  year={1992},
  publisher={INFORMS}
}

@article{wagner1959integer,
  title={An integer linear-programming model for machine scheduling},
  author={Wagner, Harvey M},
  journal={Naval Research Logistics Quarterly},
  volume={6},
  number={2},
  pages={131--140},
  year={1959},
  publisher={Wiley Online Library}
}

@book{fisher,
  title={Industrial Scheduling},
  author={Muth, J.F. and Thompson, G.L.},
  lccn={63012749},
  series={International series in management},
  year={1963},
  publisher={Prentice-Hall}
}

@article{haupt1989survey,
  title={A survey of priority rule-based scheduling},
  author={Haupt, Reinhard},
  journal={Operations-Research-Spektrum},
  volume={11},
  number={1},
  pages={3--16},
  year={1989},
  publisher={Springer}
}

@article{schutt2011,
  title={Explaining the cumulative propagator},
  author={Schutt, Andreas and Feydy, Thibaut and Stuckey, Peter J and Wallace, Mark G},
  journal={Constraints},
  volume={16},
  number={3},
  pages={250--282},
  year={2011},
  publisher={Springer}
}


@article{apple,
author = {David Applegate and William Cook},
title = {A Computational Study of the Job-Shop Scheduling Problem},
journal = {ORSA Journal on Computing},
volume = {3},
number = {2},
pages = {149-156},
year = {1991},
doi = {10.1287/ijoc.3.2.149},

URL = { 
        http://dx.doi.org/10.1287/ijoc.3.2.149
    
},
eprint = { 
        http://dx.doi.org/10.1287/ijoc.3.2.149
    
}
}


@article{peng,
  title={A tabu search/path relinking algorithm to solve the job shop scheduling problem},
  author={Peng, Bo and L{\"u}, Zhipeng and Cheng, TCE},
  journal={Computers \& Operations Research},
  volume={53},
  pages={154--164},
  year={2015},
  publisher={Elsevier}
}



@article{zhang,
  title={A very fast TS/SA algorithm for the job shop scheduling problem},
  author={Zhang, Chao Yong and Li, PeiGen and Rao, YunQing and Guan, ZaiLin},
  journal={Computers \& Operations Research},
  volume={35},
  number={1},
  pages={282--294},
  year={2008},
  publisher={Elsevier}
}

@article{cheng,
  title={A hybrid evolutionary algorithm to solve the job shop scheduling problem},
  author={Cheng, TCE and Peng, Bo and L{\"u}, Zhipeng},
  journal={Annals of Operations Research},
  pages={1--15},
  year={2013},
  publisher={Springer}
}


@article{nowickiflow,
  title={A fast tabu search algorithm for the permutation flow-shop problem},
  author={Nowicki, Eugeniusz and Smutnicki, Czes{\l}aw},
  journal={European Journal of Operational Research},
  volume={91},
  number={1},
  pages={160--175},
  year={1996},
  publisher={Elsevier}
}

@article{baker1981,
  title={An investigation of due-date assignment rules with constrained tightness},
  author={Baker, Kenneth R and Bertrand, JWM},
  journal={Journal of Operations Management},
  volume={1},
  number={3},
  pages={109--120},
  year={1981},
  publisher={Wiley Online Library}
}

@inproceedings{teppan2018dispatching,
  title={Dispatching rules revisited-a large scale job shop scheduling experiment},
  author={Teppan, Erich C},
  booktitle={2018 IEEE Symposium Series on Computational Intelligence (SSCI)},
  pages={561--568},
  year={2018},
  organization={IEEE}
}


@inproceedings{keng1989,
  title={A Planning/Scheduling Methodology for the Constrained Resource Problem.},
  author={Keng, Naiping and Yun, David YY},
  booktitle={IJCAI},
  pages={998--1003},
  year={1989}
}

@article{zhang2010,
  title={A hybrid approach to large-scale job shop scheduling},
  author={Zhang, Rui and Wu, Cheng},
  journal={Applied intelligence},
  volume={32},
  number={1},
  pages={47--59},
  year={2010},
  publisher={Springer}
}

@article{liao1993,
 author = {Ching-Jong Liao},
 journal = {The Journal of the Operational Research Society},
 number = {8},
 pages = {817--824},
 publisher = {Palgrave Macmillan Journals},
 title = {Minimizing the Number of Machine Idle Intervals with Minimum Makespan in a Flow-Shop},
 volume = {44},
 year = {1993}
}

@article{mokotoff2001,
  title={Parallel machine scheduling problems: A survey},
  author={Mokotoff, Ethel},
  journal={Asia-Pacific Journal of Operational Research},
  volume={18},
  number={2},
  pages={193},
  year={2001},
  publisher={World Scientific Publishing Co. Pte., Ltd.}
}

@article{zheng2003,
  title={An effective hybrid heuristic for flow shop scheduling},
  author={Zheng, D-Z and Wang, L},
  journal={The International Journal of Advanced Manufacturing Technology},
  volume={21},
  number={1},
  pages={38--44},
  year={2003},
  publisher={Springer}
}


@article{ruiz2010,
  title={The hybrid flow shop scheduling problem},
  author={Ruiz, Rub{\'e}n and V{\'a}zquez-Rodr{\'\i}guez, Jos{\'e} Antonio},
  journal={European journal of operational research},
  volume={205},
  number={1},
  pages={1--18},
  year={2010},
  publisher={Elsevier}
}

@book{johnson1953,
  title={Optimal Two- and Three-stage Production Schedules with Setup Times Included},
  author={Johnson, S.M.},
  year={1953},
  publisher={Rand Corporation}
}


@article{cheng1990,
  title={A state-of-the-art review of parallel-machine scheduling research},
  author={Cheng, TCE and Sin, CCS},
  journal={European Journal of Operational Research},
  volume={47},
  number={3},
  pages={271--292},
  year={1990},
  publisher={Elsevier}
}


@inproceedings{wild2013,
author = {Wild, Sebastian and Nebel, Markus and Reitzig, Raphael and Laube, Ulrich},
year = {2013},
month = {01},
pages = {55-69},
title = {Engineering Java 7's Dual Pivot Quicksort Using MaLiJAn}
}

@book{skiena1998,
  title={The algorithm design manual: Text},
  author={Skiena, Steven S},
  volume={1},
  year={1998},
  publisher={Springer Science \& Business Media}
}

@book{kleinberg2006,
  title={Algorithm design},
  author={Kleinberg, Jon and Tardos, Eva},
  year={2006},
  publisher={Pearson Education India}
}


@article{manual1987,
  title={IBM ILOG CPLEX Optimization Studio},
  author={Manual, CPLEX Userâ€™s},
  journal={Version},
  volume={12},
  pages={1987--2018},
  year={1987}
}


@article{baker1983,
  title={Job shop scheduling with modified due dates},
  author={Baker, Kenneth R and Kanet, John J},
  journal={Journal of Operations Management},
  volume={4},
  number={1},
  pages={11--22},
  year={1983},
  publisher={Elsevier}
}


@article{nowicki,
  title={A fast taboo search algorithm for the job shop problem},
  author={Nowicki, Eugeniusz and Smutnicki, Czeslaw},
  journal={Management science},
  volume={42},
  number={6},
  pages={797--813},
  year={1996},
  publisher={INFORMS}
}


@article{nowicki2,
  title={An advanced tabu search algorithm for the job shop problem},
  author={Nowicki, Eugeniusz and Smutnicki, Czes{\l}aw},
  journal={Journal of Scheduling},
  volume={8},
  number={2},
  pages={145--159},
  year={2005},
  publisher={Springer}
}


@article{essay,
title = "Deterministic job-shop scheduling: Past, present and future ",
journal = "European Journal of Operational Research ",
volume = "113",
number = "2",
pages = "390 - 434",
year = "1999",
note = "",
issn = "0377-2217",
doi = "http://dx.doi.org/10.1016/S0377-2217(98)00113-1",
url = "http://www.sciencedirect.com/science/article/pii/S0377221798001131",
author = "A.S. Jain and S. Meeran",
keywords = "Scheduling theory",
keywords = "Job-shop",
keywords = "Review",
keywords = "Computational study "
}





@article{taillard2,
author = {Ã‰ric D. Taillard},
title = {Parallel Taboo Search Techniques for the Job Shop Scheduling Problem},
journal = {ORSA Journal on Computing},
volume = {6},
number = {2},
pages = {108-117},
year = {1994},
doi = {10.1287/ijoc.6.2.108}
}

@Article{manne1960,
  author    = {Manne, Alan S},
  title     = {On the job-shop scheduling problem},
  journal   = {Operations Research},
  year      = {1960},
  volume    = {8},
  number    = {2},
  pages     = {219--223},
  publisher = {INFORMS},
}

@article{papadimitriou1994,
  title={Computational Complexity, Addison Welsey},
  author={Papadimitriou, C},
  journal={Reading, Massachusetts},
  year={1994}
}

@article{brucker1994,
  title={A branch and bound algorithm for the job-shop scheduling problem},
  author={Brucker, Peter and Jurisch, Bernd and Sievers, Bernd},
  journal={Discrete applied mathematics},
  volume={49},
  number={1-3},
  pages={107--127},
  year={1994},
  publisher={Elsevier}
}


@inproceedings{baselice2005,
  title={Towards an integration of answer set and constraint solving},
  author={Baselice, Sabrina and Bonatti, Piero A and Gelfond, Michael},
  booktitle={International Conference on Logic Programming},
  pages={52--66},
  year={2005},
  organization={Springer}
}

@misc{danzig1947,
  title={The Dantzig simplex method for linear programming},
  author={Danzig, George},
  year={1947},
  publisher={IEEExplore}
}


@incollection{kannan1978,
  title={On the computational complexity of integer programming problems},
  author={Kannan, Ravindran and Monma, Clyde L},
  booktitle={Optimization and Operations Research},
  pages={161--172},
  year={1978},
  publisher={Springer}
}


@book{lifschitz2019,
  title={Answer set programming},
  author={Lifschitz, Vladimir},
  year={2019},
  publisher={Springer}
}


@book{rossi2006,
  title={Handbook of constraint programming},
  author={Rossi, Francesca and Van Beek, Peter and Walsh, Toby},
  year={2006},
  publisher={Elsevier}
}


@inproceedings{dovier2005,
  title={A comparison of CLP (FD) and ASP solutions to NP-complete problems},
  author={Dovier, Agostino and Formisano, Andrea and Pontelli, Enrico},
  booktitle={International Conference on Logic Programming},
  pages={67--82},
  year={2005},
  organization={Springer}
}

@inproceedings{gebser2007,
  title={Conflict-driven answer set solving.},
  author={Gebser, Martin and Kaufmann, Benjamin and Neumann, Andr{\'e} and Schaub, Torsten},
  booktitle={IJCAI},
  volume={7},
  pages={386--392},
  year={2007}
}


@inproceedings{teppan2016heuristic,
  title={Heuristic constraint answer set programming},
  author={Teppan, Erich C and Friedrich, Gerhard},
  booktitle={Proceedings of the Twenty-second European Conference on Artificial Intelligence},
  pages={1692--1693},
  year={2016}
}

@inproceedings{jaffar1987,
  title={Constraint logic programming},
  author={Jaffar, Joxan and Lassez, J-L},
  booktitle={Proceedings of the 14th ACM SIGACT-SIGPLAN symposium on Principles of programming languages},
  pages={111--119},
  year={1987}
}

@Article{bowman1959,
  author    = {Bowman, Edward H},
  title     = {The schedule-sequencing problem},
  journal   = {Operations Research},
  year      = {1959},
  volume    = {7},
  number    = {5},
  pages     = {621--624},
  publisher = {INFORMS},
}

@Article{gomory1958,
  author    = {Gomory, Ralph E.},
  title     = {Outline of an algorithm for integer solutions to linear programs},
  journal   = {Bull. Amer. Math. Soc.},
  year      = {1958},
  volume    = {64},
  number    = {5},
  pages     = {275--278},
  month     = {09},
  fjournal  = {Bulletin of the American Mathematical Society},
  publisher = {American Mathematical Society}
}


@article{anon2017,
 author  = {Anonymous},
 year    = {2019},
 title   = {Amazon to Introduce More Automated Packaging Machines},
 journal = {CBC},
 url     = {https://www.cbc.ca/news/technology/amazon-machines-pack-orders-1.5134201},
 urldate = {2019-05-19},
 date    = {2019-05-19}
}

@article{delfanti2020,
  title={Humanly extended automation or the future of work seen through Amazon patents},
  author={Delfanti, Alessandro and Frey, Bronwyn},
  journal={Science, Technology, \& Human Values},
  pages={0162243920943665},
  year={2020},
  publisher={SAGE Publications Sage CA: Los Angeles, CA}
}


@article{maccarthy1993,
  title={Addressing the gap in scheduling research: a review of optimization and heuristic methods in production scheduling},
  author={Maccarthy, Bart L and Liu, Jiyin},
  journal={The International Journal of Production Research},
  volume={31},
  number={1},
  pages={59--79},
  year={1993},
  publisher={Taylor \& Francis}
}
@article{sparrow2017human,
  title={When human beings are like drunk robots: Driverless vehicles, ethics, and the future of transport},
  author={Sparrow, Robert and Howard, Mark},
  journal={Transportation Research Part C: Emerging Technologies},
  volume={80},
  pages={206--215},
  year={2017},
  publisher={Elsevier}
}

@book{Blazewicz2007,
 author = {Blazewicz, Jacek and Ecker, Klaus and Pesch, Erwin and Schmidt, G\"{u}nter and Weglarz, Jan},  title = {Handbook on Scheduling: Models and Methods for Advanced Planning (International Handbooks on Information Systems)},  year = {2007},  isbn = {3540280464},  publisher = {Springer-Verlag New York, Inc.},  address = {Secaucus, NJ, USA}, } 
@article{fuchigami2017,
  title={A survey of case studies in production scheduling: Analysis and perspectives},
  author={Fuchigami, Helio Yochihiro and Rangel, Socorro},
  journal={Journal of Computational Science},
  volume={25},
  pages={425--436},
  year={2018},
  publisher={Elsevier}
}


@Comment{jabref-meta: databaseType:bibtex;}
